@Book{sapui5,
	author = {Miroslav Antolovic},
	title = {Einf√ºhrung in SAPUI5},
	publisher = {SAP Press},
	year = {2014}
}

@ONLINE{online,
	author = {Nils Lutz},
	title = {Nils Lutz' Blog},
	url = {http://www.nilslutz.de},
	note = {Zugriff: 22.10.2014, Archiviert mit WebCite\textsuperscript{\textregistered}: \url{http://www.webcitation.org/6TW0uFhGZ}}
}
