%% This BibTeX bibliography file was created using BibDesk.
%% http://bibdesk.sourceforge.net/
%% Created for Mak at 2011-07-01 23:12:31 +0200 
%% Saved with string encoding Unicode (UTF-8) 

%%%%%%%%%%%%%%%%%%%%%%%%%%%%%%%%%%%%%%%%%%%%%%%%%%%%%%%%%%%%%%%%%%%%%%%%%%%%%%
%% Software Ergonomie                                                       %%
%%%%%%%%%%%%%%%%%%%%%%%%%%%%%%%%%%%%%%%%%%%%%%%%%%%%%%%%%%%%%%%%%%%%%%%%%%%%%%
@Book{DahmGrun2006,
	title = {Grundlagen der Mensch-Computer-Interaktion},
	author = {Markus Dahm},
	series = {Informatik, Software-Ergonomie},
	publisher = {Pearson Studium},
	address = {M{\"u}nchen [u.a.]},
	year = {2006},
	ISBN = {3827371759 und 9783827371751},
}

@Book{HercSoft2009,
	title = {Software-Ergonomie: Theorien, Modelle und Kriterien f{\"u}r gebrauchstaugliche interaktive Computersysteme},
	author = {Michael Herczeg},
	series = {Lehrbuchreihe interaktive Medien},
	edition = {3., vollst. {\"u}berarb. und erw. Aufl.},
	publisher = {Oldenbourg},
	address = {M{\"u}nchen},
	year = {2009},
	ISBN = {9783486587258},
}

@Book{SchnErgo2008,
	title = {Ergonomische Gestaltung von Benutzungsschnittstellen: Kommentar zur Grundsatznorm DIN EN ISO 9241-110},
	author = {Wolfgang Schneider. Hrsg.: DIN, Deutsches Institut f{\"u}r Normung e.V.},
	series = {Beuth-Kommentar, Informations-, Kommunikationstechnik},
	edition = {2., vollst. {\"u}berarb. Aufl.},
	publisher = {Beuth},
	address = {Berlin [u.a.]},
	year = {2008},
	ISBN = {9783410164951},
}

@Book{SaroMeth2006,
	title = {Methoden der Usability Evaluation: wissenschaftliche Grundlagen und praktische Anwendung},
	author = {Henning Brau},
	series = {Praxis der Arbeits- und Organisationspsychologie},
	series = {Huber: Psychologie Praxis},
	edition = {1. Aufl.},
	publisher = {Huber},
	address = {Bern},
	year = {2006},
	ISBN = {3456842007 und 9783456842004},
}

%%%%%%%%%%%%%%%%%%%%%%%%%%%%%%%%%%%%%%%%%%%%%%%%%%%%%%%%%%%%%%%%%%%%%%%%%%%%%%
%% Interface Design                                                         %%
%%%%%%%%%%%%%%%%%%%%%%%%%%%%%%%%%%%%%%%%%%%%%%%%%%%%%%%%%%%%%%%%%%%%%%%%%%%%%%
@Book{StapInte2010,
	title = {Interaction- und Interfacedesign: Web-, Game-, Produkt- und Servicedesign ; Usability und Interface als Corporate Identity},
	author = {Torsten Stapelkamp},
	series = {X.media.press},
	publisher = {Springer},
	address = {Heidelberg [u.a.]},
	year = {2010},
	ISBN = {3642020739 und 9783642020735},
}

@Book{ShneDesi2005,
	title = {Designing the user interface: strategies for effective human-computer interaction},
	author = {Ben Shneiderman und Catherine Plaisant},
	edition = {4. ed., internat. ed.},
	publisher = {Pearson/Addison-Wesley},
	address = {Boston [u.a.]},
	year = {2005},
	ISBN = {0321269780 und 9780321269782},
}

@Book{KrugDont2006,
	title = {Don't make me think! : a common sense approach to web usability},
	author = {Steve Krug},
	series = {Safari Tech Books Online},
	edition = {2nd ed.},
	publisher = {New Riders},
	address = {Berkeley, Calif.},
	year = {2006},
}

@Book{ReitKnow2006,
	title = {Knowledge media design: Theorie, Methodik, Praxis},
	author = {Harald Reiterer und Maximilian Eibl},
	edition = {2., korr. Aufl.},
	publisher = {Oldenbourg},
	address = {M{\"u}nchen [u.a.]},
	year = {2006},
	ISBN = {3486580140 und 9783486580143},
}
%%%%%%%%%%%%%%%%%%%%%%%%%%%%%%%%%%%%%%%%%%%%%%%%%%%%%%%%%%%%%%%%%%%%%%%%%%%%%%
%% User Experience                                                          %%
%%%%%%%%%%%%%%%%%%%%%%%%%%%%%%%%%%%%%%%%%%%%%%%%%%%%%%%%%%%%%%%%%%%%%%%%%%%%%%
@Book{BrosSuch2012,
	title = {Suchmaschinenoptimierung \& Usability : Website-Ranking und Nutzerfreundlichkeit verbessern},
	author = {Steven Broschart},	
	publisher = {Franzis Verlag},
	year = {2012},
	address = {[s.l.]},
	edition = {1. Aufl.},
}

@Book{TullMeas2008,
	title = {Measuring the user experience: collecting, analyzing, and presenting usability metrics},
	author = {Tom Tullis und Bill Albert},
	series = {The Morgan Kaufmann series in interactive technologies},
	publisher = {Elsevier/Morgan Kaufmann},
	address = {Amsterdam [u.a.]},
	year = {2008},
	ISBN = {9780123735584},
}

@Book{ThieAsth2008,
	title = {{\"A}esthetik von Websites: Wahrnehmung von {\"A}sthetik und deren Beziehung zu Inhalt, Usability und Pers{\"o}nlichkeitsmerkmalen},
	author = {Meinald T. Thielsch},
	publisher = {Monsenstein und Vannerdat},
	address = {M{\"u}nster, Westf},
	year = {2008},
	ISBN = {9783865826602 und 3865826601},
}

%%%%%%%%%%%%%%%%%%%%%%%%%%%%%%%%%%%%%%%%%%%%%%%%%%%%%%%%%%%%%%%%%%%%%%%%%%%%%%
%% HTML5 und CSS3                                                           %%
%%%%%%%%%%%%%%%%%%%%%%%%%%%%%%%%%%%%%%%%%%%%%%%%%%%%%%%%%%%%%%%%%%%%%%%%%%%%%%
@Book{MunzHTML2012,
	title = {HTML5-Handbuch: [die neuen Features von HTML5 ; Webseiten f{\"u}r jedes Endger{\"a}t: Media Queries f{\"u}r mobile Devices ; so setzen Sie anspruchsvolle Web-Layouts mit HTML5 und CSS um ; umfangreicher Referenzteil f{\"u}r HTML und CSS zum Nachschlagen ; zukunftsorientierte Webseiten erstellen]},
	author = {Stefan M{\"u}nz und Clemens Gull},
	series = {Know-how ist blau},
	edition = {2., aktualisierte und erw. Aufl.},
	publisher = {Franzis},
	address = {Haar bei Mu{\"u}chen},
	year = {2012},
	ISBN = {3645601511 und 9783645601511},
}

@Book{KronHTML2011,
	title = {HTML5: Webseiten innovativ und zukunftssicher ; [neu: Web Workers, File API, IE 9 uvm.]},
	author = {Peter Kr{\"o}ner},
	series = {Professional reference},
	edition = {2. Aufl},
	publisher = {Open Source Press},
	address = {Mu{\"u}chen},
	year = {2011},
	ISBN = {3941841343 und 9783941841345},
}

@Book{PilgDurc2011,
	title = {Durchstarten mit HTML5: [tauchen Sie ein in die Webentwicklung der Zukunft]},
	author = {Lars Schulten},
	edition = {1. Aufl.},
	publisher = {O'Reilly},
	address = {K{\"o}ln [u. a.]},
	year = {2011},
	ISBN = {9783897215719},
}

@Book{MeyeCasc2005,
    title = {Cascading Style Sheets: das umfassende Handbuch ; [behandelt CSS2 und CSS2.1]},
    author = {Eric A. Meyer and JÃ¸rgen W. Lang},
    edition = {Dt. Ausg., 1. Aufl.},
    publisher = {O'Reilly},
    address = {Beijing [u.a.]},
    year = {2005},
    ISBN = {3897213869}
}

%%%%%%%%%%%%%%%%%%%%%%%%%%%%%%%%%%%%%%%%%%%%%%%%%%%%%%%%%%%%%%%%%%%%%%%%%%%%%%
%% JavaScript                                                               %%
%%%%%%%%%%%%%%%%%%%%%%%%%%%%%%%%%%%%%%%%%%%%%%%%%%%%%%%%%%%%%%%%%%%%%%%%%%%%%%
@Book{FlanJava2007,
    title = {JavaScript: das umfassende Referenzwerk ; [behandelt Ajax und DOM-Scripting]},
    author = {David Flanagan},
    edition = {3. Aufl., dt. Ausg. der 5. Aufl},
    publisher = {O'Reilly},
    address = {Beijing [u.a.]},
    year = {2007},
    ISBN = {3897214911 and 9783897214910},
}

@Book{KochJava2009,
	title = {JavaScript: Einf{\"u}hrung, Programmierung und Referenz - inklusive Ajax},
	author = {Stefan Koch},
	series = {iX-Edition},
	edition = {5. aktualisierte und erw. Aufl.},
	publisher = {dpunkt-Verl.},
	address = {Heidelberg},
	year = {2009},
	ISBN = {3898645940 und 9783898645942},
}

@Book{WenzJava2008,
	title = {JavaScript und Ajax: das umfassende Handbuch ; [Einf\"uhrung, Praxis, Referenz ; browser\"ubergreifende L\"osungen ; Web 2.0: DOM, CSS, XML, Web Services ; neu in der 8. Auflage: Microsoft Silverlight, ASP.NET AJAX 1.0, Ausblick auf Firefox 3 und JavaScript 1.8]},
	author = {Christian Wenz},
	series = {Galileo computing},
	edition = {8., aktualisierte und erw. Aufl.},
	publisher = {Galileo Press},
	address = {Bonn},
	year = {2008},
	ISBN = {3836211289 and 9783836211284},
}

%%%%%%%%%%%%%%%%%%%%%%%%%%%%%%%%%%%%%%%%%%%%%%%%%%%%%%%%%%%%%%%%%%%%%%%%%%%%%%
%% MVC Architekur                                                           %%
%%%%%%%%%%%%%%%%%%%%%%%%%%%%%%%%%%%%%%%%%%%%%%%%%%%%%%%%%%%%%%%%%%%%%%%%%%%%%%
@Book{GammEntw2003,
	 title = {Entwurfsmuster : Elemente wiederverwendbarer objektorientierter Software},
	 author = {Erich Gamma und Dirk Riehle},
	 series = {Professionelle Softwareentwicklung},
	 series = {Programmer's choice},
	 edition = {5., korrigierter Nachdr},
	 publisher = {Addison-Wesley},
	 address = {M{\"u}nchen [u.a.]},
	 year = {2003},
	 ISBN = {978-3-8273-1862-6}
}

@Book{MossObje1993,
	title = {Objektorientierte Programmierung in Oberon-2},
	author = {Hanspeter M{\"o}ssenb{\"o}ck},
	publisher = {Springer},
	address = {Berlin [u.a.]},
	year = {1993},
	ISBN = {3540556907},
}

%%%%%%%%%%%%%%%%%%%%%%%%%%%%%%%%%%%%%%%%%%%%%%%%%%%%%%%%%%%%%%%%%%%%%%%%%%%%%%
%% OData und SAP Gateway                                                    %%
%%%%%%%%%%%%%%%%%%%%%%%%%%%%%%%%%%%%%%%%%%%%%%%%%%%%%%%%%%%%%%%%%%%%%%%%%%%%%%
@Book{HeinODat2014,
	title = {OData und SAP Gateway: [SAP-Systeme mit Nicht-SAP-Anwendungen integrieren ; OData-Services zur User-Interface- und Anwendungsentwicklung generieren ; Web-Anwendungen, mobile Apps und UI-Technologien mit Gateway anbinden]},
	author = {Ludwig Heinz und Karsten Strothmann und Carsten B{\"o}nnen und Volker Drees und Andr{\'e} Fischer},
	series = {SAP Press, Programmierung},
	edition = {1. Aufl.},
	publisher = {Galileo Press},
	address = {Bonn [u.a.]},
	year = {2014},
	ISBN = {3836225387 und 9783836225380},
}

%%%%%%%%%%%%%%%%%%%%%%%%%%%%%%%%%%%%%%%%%%%%%%%%%%%%%%%%%%%%%%%%%%%%%%%%%%%%%%
%% Web Dynpro for ABAP                                                      %%
%%%%%%%%%%%%%%%%%%%%%%%%%%%%%%%%%%%%%%%%%%%%%%%%%%%%%%%%%%%%%%%%%%%%%%%%%%%%%%
@Book{GanzPrax2006,
	title = {Praxisbuch Web Dynpro for Java: [Beispiele zur dynamischen Programmierung, Komponentisierung, Anwendungsintegration, Navigation u.v.m. ; Grundlagen und Praxis zur Installation, Konfiguration und Administration der Web-Dympro-Laufzeit ; Zahlreiche Tipps und Tricks direkt von den Entwicklern der SAP]},
	author = {Bertram Ganz},
	series = {SAP Press},
	edition = {1. Aufl.},
	publisher = {Galileo Press},
	address = {Bonn},
	year = {2006},
	ISBN = {3898426890 und 9783898426893},
}

@Book{OfenEins2009,
	title = {Einstieg in Web Dynpro ABAP: [Architektur, Grundlagen und Praxisl{\"o}sungen ; UI-Elemente, Standardkomponenten, Funktionen, Entwicklungswerkzeuge u.v.m. ; mit zahlreichen {\"u}bungsbeispielen zur Entwicklung wiederverwendbarer Anwendungen]},
	author = {Dominik Ofenloch und Roland Schwaiger},
	series = {SAP PRESS},
	edition = {1. Aufl.},
	publisher = {Galileo Press},
	address = {Bonn [u.a.]},
	year = {2009},
	ISBN = {9783836213158},
}

%%%%%%%%%%%%%%%%%%%%%%%%%%%%%%%%%%%%%%%%%%%%%%%%%%%%%%%%%%%%%%%%%%%%%%%%%%%%%%
%% Business Server Pages                                                    %%
%%%%%%%%%%%%%%%%%%%%%%%%%%%%%%%%%%%%%%%%%%%%%%%%%%%%%%%%%%%%%%%%%%%%%%%%%%%%%%
@Book{HeinWebe2007,
	title = {Webentwicklung in ABAP mit dem SAP Web Application Server},
	author = {Fr{\'e}d{\'e}ric Heinemann und Christian Rau},
	series = {SAP Press},
	edition = {2., {\"u}berarb. und erw. Aufl., 1. Nachdr},
	publisher = {Galileo Press},
	address = {Bonn},
	year = {2007},
	ISBN = {3898425231 und 9783898425230},
}

%%%%%%%%%%%%%%%%%%%%%%%%%%%%%%%%%%%%%%%%%%%%%%%%%%%%%%%%%%%%%%%%%%%%%%%%%%%%%%
%% SAP UI5                                                                  %%
%%%%%%%%%%%%%%%%%%%%%%%%%%%%%%%%%%%%%%%%%%%%%%%%%%%%%%%%%%%%%%%%%%%%%%%%%%%%%%
@Book{AntoEinf2014,
	title = {Einf{\"u}hrung in SAPUI5: [Einf{\"u}hrung in das SAP UI Development Toolkit f{\"u}r HTML5 ; moderne Benutzeroberfl{\"a}chen gestalten und erweitern ; Programmiermodell, Controls und UI-Elemente in der Praxis einsetzen]},
	author = {Miroslav Antolovic},
	series = {SAP PRESS},
	edition = {1. Aufl.},
	publisher = {Galileo Press},
	address = {Bonn [u.a.]},
	year = {2014},
	ISBN = {9783836227537 und 3836227533},
}

%%%%%%%%%%%%%%%%%%%%%%%%%%%%%%%%%%%%%%%%%%%%%%%%%%%%%%%%%%%%%%%%%%%%%%%%%%%%%%
%% Sonstiges                                                                %%
%%%%%%%%%%%%%%%%%%%%%%%%%%%%%%%%%%%%%%%%%%%%%%%%%%%%%%%%%%%%%%%%%%%%%%%%%%%%%%
@ONLINE{SelfHtml20141,
	title = {Physische Auszeichnungen im Text},
	author = {SelfHTML},
	url = {http://de.selfhtml.org/html/text/physisch.htm},
	note = {Zugriff: 01.12.2014}
}

@ONLINE{SelfHtml20142,
	title = {Suchmaschinenoptimierung},
	author = {SelfHTML},
	url = {http://wiki.selfhtml.org/wiki/Suchmaschinenoptimierung},
	note = {Zugriff: 04.12.2014}
}

@ONLINE{SelfHtml20143,
	title = {Internet Explorer Fallback},
	author = {SelfHTML},
	url = {http://wiki.selfhtml.org/wiki/HTML/Tutorials/HTML5-Grundstruktur#Fallback_f.C3.BCr_.C3.A4ltere_Internet_Explorer},
	note = {Zugriff: 05.12.2014}
}

@ONLINE{SelfHtml20144,
	title = {CSS Einbindung},
	author = {SelfHTML},
	url = {http://wiki.selfhtml.org/wiki/CSS/Einbindung},
	note = {Zugriff: 07.12.2014}
}

@ONLINE{SelfHtml20145,
	title = {CSS Box Modell},
	author = {SelfHTML},
	url = {http://wiki.selfhtml.org/wiki/CSS/Box-Modell},
	note = {Zugriff: 09.12.2014}
}

@ONLINE{SelfHtml20146,
	title = {JavaScript / EinfÃ¼hrung in JavaScript},
	author = {SelfHTML},
	url = {http://de.selfhtml.org/javascript/intro.htm},
	note = {Zugriff: 09.12.2014}
}

@ONLINE{SelfHtml20147,
	title = {JavaScript / Objektreferenzen},
	author = {SelfHTML},
	url = {http://de.selfhtml.org/javascript/objekte/index.htm},
	note = {Zugriff: 17.12.2014}
}

@ONLINE{W3ScCss2014,
	title = {CSS Selectors},
	author = {w3Schools},
	url = {http://www.w3schools.com/css/css_selectors.asp},
	note = {Zugriff: 09.12.2014}
}

@ONLINE{WikiCSS2014,
	title = {CSS Box Modell},
	author = {Wikipedia},
	url = {http://commons.wikimedia.org/wiki/File:Boxmodell-detail.png},
	note = {Zugriff: 09.12.2014}
}

@ONLINE{WikiJS2014,
	title = {JavaScript - Sandbox-Prinzip},
	author = {Wikipedia},
	url = {http://de.wikipedia.org/wiki/JavaScript},
	note = {Zugriff: 11.12.2014}
}

@ONLINE{WikiEclipse2014,
	title = {Eclipse (IDE)},
	author = {Wikipedia},
	url = {http://de.wikipedia.org/wiki/Eclipse_(IDE)},
	note = {Zugriff: 02.01.2015}
}

@ONLINE{DevTools,
	title = {Chrome DevTools Overview},
	author = {Google Inc.},
	url = {https://developer.chrome.com/devtools},
	note = {Zugriff: 04.01.2015}
}

@ONLINE{BuiltWith2014,
	title = {Alexa 10k Technology Usage Statistics},
	author = {BuiltWithÂ®},
	url = {http://trends.builtwith.com/tech-reports/Alexa-10k},
	note = {Zugriff: 11.12.2014}
}

@ONLINE{PeteKroe2014,
	title = {HTML5 Spezifikations Graph},
	author = {Peter Kroener},
	url = {https://github.com/SirPepe/SpecGraph},
	note = {Zugriff: 11.12.2014}
}

@ONLINE{JesseJGarret,
	title = {Ajax: A New Approach to Web Applications},
	author = {Jesse J. Garret},
	url = {http://www.adaptivepath.com/ideas/ajax-new-approach-web-applications/},
	note = {Zugriff: 18.1.2015}
}

@ONLINE{SAPUX,
	title = {SAP's user experience strategy},
	author = {SAP AG},
	url = {http://experience.sap.com/ux-strategy/},
	note = {Zugriff: 18.1.2015}
}

@ONLINE{SAPUXPDF,
	title = {SAP User Interface Technologies - Road Map},
	author = {SAP AG},
	url = {http://scn.sap.com/docs/DOC-41321},
	note = {Zugriff: 18.1.2015}
}

@ONLINE{SAPFIORIARCH,
	title = {SAP Fiori - Architecture Overview},
	author = {SAP AG},
	url = {http://scn.sap.com/docs/DOC-46218},
	note = {Zugriff: 20.1.2015}
}

@ONLINE{SAPSplitApp,
	title = {Building SAP Fiori-like UIs with SAPUI5 in 10 Exercises},
	author = {SAP AG},
	url = {http://scn.sap.com/docs/DOC-51167},
	note = {Zugriff: 26.1.2015}
}

@ONLINE{w3tech,
	title = {Usage Statistics and Market Share of JavaScript Libraries for Websites},
	author = {W3 Technology Survey},
	url = {http://w3techs.com/technologies/overview/javascript_library/all},
	note = {Zugriff: 19.1.2015}
}

@ONLINE{wikijquery,
	title = {jQuery},
	author = {Wikipedia},
	url = {http://de.wikipedia.org/wiki/JQuery},
	note = {Zugriff: 19.1.2015}
}

@ONLINE{wikirest,
	title = {Representational State Transfer (REST)},
	author = {Wikipedia},
	url = {http://de.wikipedia.org/wiki/Representational_State_Transfer},
	note = {Zugriff: 20.1.2015}
}

@ONLINE{itwissenjquery,
	title = {jQuery},
	author = {IT Wissen},
	url = {http://www.itwissen.info/definition/lexikon/jQuery.html},
	note = {Zugriff: 19.1.2015}
}

@ONLINE{ajax,
	title = {Ajax Prinzip},
	author = {Peter Kropff},
	url = {http://www.peterkropff.de/site/javascript/ajax.htm},
	note = {Zugriff: 19.1.2015}
}

@ONLINE{cbs4hana,
	title = {S/4HANA: SAP-Anwendungen sollen einfacher werden},
	author = {Achim Born},
	url = {http://www.heise.de/ix/meldung/S-4HANA-SAP-Anwendungen-sollen-einfacher-werden-2535261.html},
	note = {Zugriff: 9.2.2015}
}